@book{texbook,
   author    = "D. E. Knuth",
   title     = "The {{\TeX}book}",
   publisher = "Addison-Wesley",
   year      = 1984
}

@book{scrumbook,
  author    = "K. Schwaber and M. Beedle",
  title     = "Agile Software Development with Scrum",
  publisher = "Prentice-Hall",
  year      = 2001
}

@book{userstories,
  author    = "M. Cohn",
  title     = "User Stories Applied: For Agile Software Development",
  publisher = "Addison-Wesley",
  year      = 2004
}
